@Book{reflist,
author     = {surname, initials and surname, initials and surname, initials},
year        ={2013},
title          ={title of the book},
edition    ={22},
publisher = {Addison-Wesley},
address={hollywood},
}

@article{fidler2009learning,
  title={Learning hierarchical compositional representations of object structure},
  author={Fidler, Sanja and Boben, Marko and Leonardis, Ale{\v{s}}},
  journal={S. Dickinson, A. Leonardis, B. Schiele, and TM, editors, Object Categorization: Computer and Human Vision Perspectives},
  pages={196--215},
  year={2009}
}